<?xml version="1.0" encoding="UTF-8"?><record xmlns="http://www.loc.gov/MARC21/slim" xmlns:cinclude="http://apache.org/cocoon/include/1.0" xmlns:zs="http://www.loc.gov/zing/srw/">
  <leader>01097cz  a2200181n  4500</leader>
  <controlfield tag="001">no2005120470</controlfield>
  <controlfield tag="003">DLC</controlfield>
  <controlfield tag="005">20130323091713.0</controlfield>
  <controlfield tag="008">051220n| azannaabn          |a ana     c</controlfield>
  <datafield tag="010" ind1=" " ind2=" ">
    <subfield code="a">no2005120470</subfield>
  </datafield>
  <datafield tag="035" ind1=" " ind2=" ">
    <subfield code="a">(OCoLC)oca06811516</subfield>
  </datafield>
  <datafield tag="040" ind1=" " ind2=" ">
    <subfield code="a">WaU</subfield>
    <subfield code="b">eng</subfield>
    <subfield code="e">rda</subfield>
    <subfield code="c">WaU</subfield>
    <subfield code="d">DLC</subfield>
  </datafield>
  <datafield tag="110" ind1="1" ind2=" ">
    <subfield code="a">Washington (State).</subfield>
    <subfield code="b">Department of Transportation.</subfield>
    <subfield code="b">Strategic Planning and Programming</subfield>
  </datafield>
  <datafield tag="410" ind1="1" ind2=" ">
    <subfield code="a">Washington (State).</subfield>
    <subfield code="b">Department of Transportation.</subfield>
    <subfield code="b">Strategic Planning and Programming Office</subfield>
  </datafield>
  <datafield tag="410" ind1="1" ind2=" ">
    <subfield code="w">nnea</subfield>
    <subfield code="a">Washington (State).</subfield>
    <subfield code="b">Dept. of Transportation.</subfield>
    <subfield code="b">Strategic Planning and Programming</subfield>
  </datafield>
  <datafield tag="510" ind1="1" ind2=" ">
    <subfield code="w">r</subfield>
    <subfield code="i">Hierarchical superior:</subfield>
    <subfield code="a">Washington (State).</subfield>
    <subfield code="b">Department of Transportation</subfield>
  </datafield>
  <datafield tag="670" ind1=" " ind2=" ">
    <subfield code="a">Fuel taxes, Dec. 2004:</subfield>
    <subfield code="b">t.p. (Washington State Department of Transportation, Strategic Planning and Programming)</subfield>
  </datafield>
  <datafield tag="670" ind1=" " ind2=" ">
    <subfield code="a">OCLC, Dec. 20, 2005</subfield>
    <subfield code="b">(hdg.: Washington (State). Dept. of Transportation. Strategic Planning and Programming; usage: Washington State Department of Transportation, Strategic Planning and Programming; Washington State Department of Transportation, Strategic Planning and Programming Office)</subfield>
  </datafield>
</record>